@book{rudin,
  author =	 "W. Rudin",
  title = 	 "Principles of Mathematical Analysis",
  publisher = 	 "McGraw Hill",
  year = 	 1976,
  edition =	 "Third"
}
@book{ambrosio,
  author={Luigi Ambrosio, Carlo Mantegazza, Fulvio Ricci},
  title="Complementi di Matematica",
  publisher="Edizioni della Normale Pisa",
  year=2023,
  edition="Seconda"
}
@book{manetti,
  author="Marco Manetti",
  title="Topologia",
  series="UNITEXT",
  publisher="Springer Milano",
  edition="Seconda",
  year=2014
}
@book{munkres,
  author="James Munkres",
  title="Topology",
  year=2013,
  publisher="Pearson Education",
  edition="Second"

}
@book{measure_theory,
  author="Luigi D'Ambrosio, Giuseppe Prato, Andrea Mennucci",
  title="Introduction to Measure Theory and Integration",
  publisher="Edizioni della Normale Pisa",
  year=2011,
  series="Publications of the Scuola Normale Superiore"
}
@book{lang,
  author="Serge Lang",
  title="Linear Algebra",
  edition="Third",
  series="Undegraduate Texts in Mathematics",
  publisher="Springer New York, NY",
  year=2010
}
@book{martelli,
  author="Bruno Martelli",
  title="Geometria e algebra lineare",
  year=2019,
  publisher="S.l. : s.n."
}
@book{sernesi,
  author="Edoardo Sernesi",
  title="Geometria 1",
  series="Programma di Matematica, Fisica, Elettronica",
  edition="Second",
  publisher="Bollati Bolinghieri",
  year=2000
}